@Article{Jensen95b,
author =	"Henrik Wann Jensen and Niels Jorgen Christensen",
title =	"Photon Maps in Bidirectional Monte Carlo Ray Tracing
of Complex Objects",
journal =	"Computers \& Graphics",
volume =	"19",
number =	"2",
pages =	"215--224",
year = 	"1995",
keywords =	"monte carlo",
} 

@InProceedings{whitted79a,
author =	"T. Whitted",
title =	"An improved illumination model for shaded display",
pages =	"1--14",
journal =	"Computer Graphics (Special SIGGRAPH '79 Issue)",
volume =	"13",
year = 	"1979",
month =	aug,
keywords =	"algorithmic aspects, shading, animation/dynamic
graphics, shaded images, raster graphics",
}

@InProceedings{Jensen96a,
author =	"Henrik Wann Jensen",
title =	"Global Illumination using Photon Maps",
booktitle =	"7th Eurographics Workshop on Rendering",
pages =	"22--31",
year = 	"1996",
}



@InProceedings{Jensen95c,
author =	"Henrik Wann Jensen and Niels Jorgen Christensen",
title =	"Efficiently Rendering Shadows using the Photon Map",
booktitle =	"Proceedings of Compugraphics '95",
pages =	"285--291",
month =	dec,
year = 	"1995",
}


@InProceedings{Jensen98,
author =	"Henrik Wann Jensen and Per H. Christensen",
year = 	"1998",
title =	"Efficient Simulation of Light Transport in Scenes with
Participating Media Using Photon Maps",
booktitle =	"Computer Graphics (ACM SIGGRAPH '98 Proceedings)",
pages =	"311--320",
note = 	"r",
}



@InProceedings{Kajiya86,
author =	"James T. Kajiya",
title =	"The Rendering Equation",
booktitle =	"Proceedings of Siggraph '86",
pages =	"143--150",
year = 	"1986",
keywords =	"ray tracing, radiosity, distributed ray tracing,
lighting models",
abstract =	"Kajiya proposes a general rendering equation that
tries to provide a general solution to rendering
problems previously addressed by distributed ray
tracing and the radiosity method. He proposes
monte-carlo methods for solution, and presents several
simple images which demonstrate the improved lighting
model of objects.",
}

@ARTICLE{Nicodemus65,
author = {{Nicodemus}, F.~E.},
title = "{Directional reflectance and emissivity of an opaque surface}",
year = 1965,
month = jul,
volume = 4,
pages = {767},
}


@MastersThesis{Goral85,
author =	"Cindy M. Goral",
title =	"A Model for the Interaction of Light Between Diffuse
Surfaces",
school =	"Cornell University",
year = 	"1985",
}

@article{Weiss12,
author = {Weiss, Maayan and Grosch, Thorsten},
title = {Stochastic Progressive Photon Mapping for Dynamic Scenes},
journal = {Comp. Graph. Forum},
issue_date = {May 2012},
volume = {31},
number = {2pt4},
month = may,
year = {2012},
issn = {0167-7055},
pages = {719--726},
numpages = {8},
url = {http://dx.doi.org/10.1111/j.1467-8659.2012.03051.x},
doi = {10.1111/j.1467-8659.2012.03051.x},
acmid = {2322138},
publisher = {John Wiley \& Sons, Inc.},
address = {New York, NY, USA},
keywords = {I.3.3 [Computer Graphics]: Picture/Image Generation\&\#x2014;},
}

@Article{Hachisuka08,
author =	"Toshiya Hachisuka and Shinji Ogaki and Henrik Wann
Jensen",
title =	"Progressive photon mapping",
journal =	"ACM Transactions on Graphics",
volume =	"27",
number =	"5",
pages =	"130:1--130:??",
month =	dec,
year = 	"2008",
CODEN =	"ATGRDF",
doi =  	"http://doi.acm.org/10.1145/1457515.1409083",
ISSN = 	"0730-0301 (print), 1557-7368 (electronic)",
issn-l =	"0730-0301",
bibdate =	"Mon Dec 8 14:35:04 MST 2008",
}

@InProceedings{Jensen01,
pages =	"511--518",
year = 	"2001",
title =	"A Practical Model for Subsurface Light Transport",
URL =  	"http://visinfo.zib.de/EVlib/Show?EVL-2001-143",
author =	"Henrik Wann Jensen and Stephen R. Marschner and Marc
Levoy and Pat Hanrahan",
editor =	"Eugene Fiume",
keywords =	"Subsurface scattering, BSSRDF, reflection models,
light transport, diffusion theory, realistic image
synthesis",
series =	"Annual Conference Series",
booktitle =	"SIGGRAPH 2001, Computer Graphics Proceedings",
publisher =	"ACM Press / ACM SIGGRAPH",
}

@INPROCEEDINGS{Wald06,
author = {Ingo Wald and Vlastimil Havran},
title = {On building fast kd-Trees for Ray Tracing, and on doing that in O(N log N)},
booktitle = {IN PROCEEDINGS OF THE 2006 IEEE SYMPOSIUM ON INTERACTIVE RAY TRACING},
year = {2006},
pages = {61--70},
publisher = {}
}



@Article{MacDonald90,
author =	"J. David MacDonald and Kellogg S. Booth",
title =	"Heuristics for Ray Tracing Using Space Subdivision",
journal =	"The Visual Computer",
volume =	"6",
number =	"3",
pages =	"153--66",
month =	jun,
year = 	"1990",
keywords =	"octree",
}

@Article{Bently75,
author =	"J. L. Bentley",
title =	"Multidimensional binary search trees used for
associative searching",
journal =	"Communications of the {ACM}",
volume =	"18",
number =	"9",
month =	sep,
year = 	"1975",
pages =	"509--517",
}



@Article{Freidman77,
author =	"Jerome H. Friedman and Jon Louis Bentley and Raphael
Ari Finkel",
title =	"An Algorithm for Finding Best Matches in Logarithmic
Expected Time",
journal =	"ACM Transactions on Mathematical Software",
volume =	"3",
number =	"3",
month =	sep,
year = 	"1977",
pages =	"209--226",
}

@TechReport{Fussell88,
author =	"Donald Fussell and K. R. Subramanian",
title =	"Fast Ray Tracing Using {K}-{D} Trees",
institution =  "U. of Texas, Austin, Dept. Of Computer Science",
type = 	"Technical Report",
number =	"TR-88-07",
month =	mar,
year = 	"1988",
keywords =	"hierarchies",
}

@Book{JensenBook,
author =	"Henrik Wann Jensen",
year = 	"2001",
title =	"Realistic Image Synthesis Using Photon Mapping",
publisher =	"A. K. Peters",
address =	"Natick, MA",
}

@inproceedings{Hachisuka09,
author = {Hachisuka, Toshiya and Jensen, Henrik Wann},
title = {Stochastic Progressive Photon Mapping},
booktitle = {ACM SIGGRAPH Asia 2009 Papers},
series = {SIGGRAPH Asia '09},
year = {2009},
isbn = {978-1-60558-858-2},
location = {Yokohama, Japan},
pages = {141:1--141:8},
articleno = {141},
numpages = {8},
url = {http://doi.acm.org/10.1145/1661412.1618487},
doi = {10.1145/1661412.1618487},
acmid = {1618487},
publisher = {ACM},
address = {New York, NY, USA},
} 


@article{Blinn82,
author = {Blinn, James F.},
title = {Light Reflection Functions for Simulation of Clouds and Dusty Surfaces},
journal = {SIGGRAPH Comput. Graph.},
issue_date = {July 1982},
volume = {16},
number = {3},
month = jul,
year = {1982},
issn = {0097-8930},
pages = {21--29},
numpages = {9},
url = {http://doi.acm.org/10.1145/965145.801255},
doi = {10.1145/965145.801255},
acmid = {801255},
publisher = {ACM},
address = {New York, NY, USA},
} 


@article{Ward88,
author = {Ward, Gregory J. and Rubinstein, Francis M. and Clear, Robert D.},
title = {A Ray Tracing Solution for Diffuse Interreflection},
journal = {SIGGRAPH Comput. Graph.},
issue_date = {Aug. 1988},
volume = {22},
number = {4},
month = jun,
year = {1988},
issn = {0097-8930},
pages = {85--92},
numpages = {8},
url = {http://doi.acm.org/10.1145/378456.378490},
doi = {10.1145/378456.378490},
acmid = {378490},
publisher = {ACM},
address = {New York, NY, USA},
keywords = {Monte Carlo technique, caching, diffuse, illuminance, interreflection, luminance, radiosity, ray tracing, rendering, specular},
} 



@Article{Havran05,
author =	"V. Havran and R. Herzog and H.-P. Seidel",
month =	sep,
year = 	"2005",
title =	"Fast Final Gathering Via Reverse Photon Mapping",
journal =	"Computer Graphics Forum (Proceedings of Eurographics
2005)",
volume =	"24",
number =	"3",
}

%% ##  These are examples of BibTeX entries.  You should be able to represent
%% ##  all the entries you need from this set of examples.

@Article{MolTru97,
author =	"Moller and Trumbore",
title =	"Fast, Minimum Storage Ray-Triangle Intersection",
journal =	"JGTOOLS: Journal of Graphics Tools",
volume =	"2",
publisher =	"A. K. Peters, Ltd.",
year = 	"1997",
}


@Article{Knuth74a,
  author =	"Knuth",
  title =	"Computer Programming as an Art",
  journal =	"CACM: Communications of the ACM",
  volume =	"17",
  year = 	"1974",
}

@misc{khronos:2014:online,
author = {Khronos-Group},
title  = {{OpenGL FAQ : Should I use display lists}},
year   = {2014},
howpublished = \url{https://www.opengl.org/wiki/FAQ#Should_I_use_display_lists.2C_vertex_arrays_or_vertex_buffer_objects.3F}
note = "[Online; accessed 10-April-2014]"
}

@misc{wood-monte-carlo,
author = {Wood, Whitney, Bjorkman, Wolff},
year = {2001}
title = {Introduction to Monte Carlo Radiative Transfer}
howpublished = "\url{http://www-star.st-and.ac.uk/âˆ¼kw25/research/montecarlo/montecarlo.html}"
} 

@misc{amazon-instances,
author = {Amazon},
year = {2014},
title = {Amazon EC2 Instance Types},
howpublished = {"\url{http://aws.amazon.com/ec2/instance-types/}"}
} 

@misc{opaque-pointers,
author = {QNX},
year = {2014},
title = {"Programming Tools - Opaque Pointers"},
howpublished = "\url{http://www.qnx.com/developers/articles/article_302_2.html}"
} 

@Misc{shirley-dist,
title =	"Distribution RayTracing: Theory and",
author =	"Peter Shirley",
year = 	"2003",
month =	jun # "~22",
annote =	"Peter Shirley (Computer Science Department; Indiana
University; 1);",
bibsource =	"OAI-PMH server at cs1.ist.psu.edu",
description =  "this paper we examine some of the central issues of
distribution ray tracing that have been overlooked in
the literature but are still of importance",
language =	"en",
oai =  	"oai:CiteSeerPSU:623047",
rights =	"unrestricted",
URL =  	"http://citeseer.ist.psu.edu/623047.html; http://www.cs.utah.edu/~shirley/papers/rw92.pdf",
}




@Article{MedianMedian,
	author =	"Robert W. Floyd and Ronald L. Rivest",
	title =	"Expected Time Bounds for Selection",
	journal =	"Communications of the ACM",
	volume =	"18",
	number =	"3",
	pages =	"165--172",
	month =	mar,
	year = 	"1975",
	refs = 	"7",
	checked =	"19941004",
	source =	"Dept. Library",
	keywords =	"selection, computational complexity, medians,
	tournaments, quantiles",
	abstract =	"A new selection algorithm is presented which is shown
	to be very efficient on the average, both theoretically
	and practically. The number of comparisons used to
	select the $i$th smallest of $n$ numbers is $n+ min(i,
	n-i) + o(n)$. A lower bound within 9 percent of the
	above formula is also derived.",
}

@Book{Foley97,
author =	"James D. Foley",
title =	"Computer graphics: principles and practice",
publisher =	"Addison-Wesley Systems Programming Series",
year = 	"1997",
ISBN = 	"0-201-84840-6",
}
